<record><leader>00000cas a2200000 a 4500</leader><controlfield tag="001">15218339</controlfield><controlfield tag="008">870220d18811886iluwr ne      0   a0eng c</controlfield><datafield ind1=" " ind2=" " tag="010"><subfield code="a">sn 87082237 </subfield></datafield><datafield ind1=" " ind2=" " tag="040"><subfield code="a">NPV</subfield><subfield code="b">eng</subfield><subfield code="c">NPV</subfield><subfield code="d">NPI</subfield><subfield code="d">NVF</subfield><subfield code="d">OCLCQ</subfield><subfield code="d">NVF</subfield><subfield code="d">OCLCF</subfield><subfield code="d">OCLCO</subfield></datafield><datafield ind1=" " ind2=" " tag="042"><subfield code="a">pcc</subfield></datafield><datafield ind1=" " ind2=" " tag="043"><subfield code="a">n-us-il</subfield></datafield><datafield ind1="0" ind2=" " tag="130"><subfield code="a">Bloomington bulletin (Bloomington, Ill. : Weekly)</subfield></datafield><datafield ind1="1" ind2="4" tag="245"><subfield code="a">The Bloomington bulletin.</subfield></datafield><datafield ind1="1" ind2="7" tag="246"><subfield code="a">Weekly Bloomington bulletin</subfield></datafield><datafield ind1=" " ind2=" " tag="250"><subfield code="a">Weekly ed.</subfield></datafield><datafield ind1=" " ind2=" " tag="260"><subfield code="a">Bloomington, Ill. :</subfield><subfield code="b">[s.n.]</subfield></datafield><datafield ind1="3" ind2=" " tag="260"><subfield code="3">&lt;Sept. 2, 1881&gt;</subfield><subfield code="a">Bloomington, Ill. :</subfield><subfield code="b">John H. Oberly</subfield></datafield><datafield ind1=" " ind2=" " tag="300"><subfield code="a">v.</subfield></datafield><datafield ind1=" " ind2=" " tag="310"><subfield code="a">Weekly</subfield></datafield><datafield ind1="1" ind2=" " tag="362"><subfield code="a">Began in 1881.</subfield></datafield><datafield ind1="0" ind2=" " tag="362"><subfield code="a">-v. 5, no. 48 (Jan. 29, 1886).</subfield></datafield><datafield ind1=" " ind2=" " tag="580"><subfield code="a">Daily eds.: Daily Bloomington bulletin, 1881-1882, and: Bloomington bulletin (Bloomington, Ill. : 1882), 1882-1886.</subfield></datafield><datafield ind1=" " ind2=" " tag="588"><subfield code="a">Description based on: Vol. 1, no. 19 (July 8, 1881).</subfield></datafield><datafield ind1=" " ind2="0" tag="651"><subfield code="a">Bloomington (Ill.)</subfield><subfield code="v">Newspapers.</subfield></datafield><datafield ind1=" " ind2="7" tag="655"><subfield code="a">Newspapers.</subfield><subfield code="2">fast</subfield><subfield code="0">(OCoLC)fst01423814</subfield></datafield><datafield ind1=" " ind2="7" tag="651"><subfield code="a">Illinois</subfield><subfield code="z">Bloomington.</subfield><subfield code="2">fast</subfield><subfield code="0">(OCoLC)fst01205022</subfield></datafield><datafield ind1=" " ind2=" " tag="752"><subfield code="a">United States</subfield><subfield code="b">Illinois</subfield><subfield code="c">McLean</subfield><subfield code="d">Bloomington.</subfield></datafield><datafield ind1="1" ind2=" " tag="775"><subfield code="t">Daily Bloomington bulletin</subfield><subfield code="w">(DLC)sn 87082238</subfield><subfield code="w">(OCoLC)15218396</subfield></datafield><datafield ind1="1" ind2=" " tag="775"><subfield code="t">Bloomington bulletin (Bloomington, Ill. : 1882)</subfield><subfield code="w">(DLC)sn 90054457</subfield><subfield code="w">(OCoLC)21128991</subfield></datafield><datafield ind1="0" ind2="0" tag="785"><subfield code="t">Weekly bulletin (Bloomington, Ill.)</subfield><subfield code="w">(DLC)sn 90054462</subfield><subfield code="w">(OCoLC)21128660</subfield></datafield></record>